<?xml version="1.0" encoding="UTF-8"?><collection xmlns="http://www.loc.gov/MARC21/slim"><record><leader>00465nam--2200157-i-4500</leader><controlfield tag="001">000021228</controlfield><controlfield tag="002">20161230</controlfield><controlfield tag="005">20161230201034</controlfield><controlfield tag="008">060222s1000------------r-----000-0-eng-d</controlfield><datafield ind1=" " ind2=" " tag="100"><subfield code="a">Hamilton, Walter T. And Hamilton John Raymond</subfield></datafield><datafield ind1=" " ind2=" " tag="245"><subfield code="a">Mathematical analysis. a modern approach</subfield></datafield><datafield ind1=" " ind2=" " tag="260"><subfield code="a">New York, Harper &amp; Brothers Publishers, 1956</subfield></datafield><datafield ind1=" " ind2=" " tag="300"><subfield code="a">XIII + 379 P</subfield></datafield><datafield ind1=" " ind2=" " tag="490"><subfield code="a">Harper Mathematics Series</subfield></datafield><datafield ind1=" " ind2=" " tag="852"><subfield code="a">12635</subfield><subfield code="c">517</subfield></datafield><datafield ind1=" " ind2=" " tag="CAT"><subfield code="a">Sys</subfield><subfield code="c">20080617</subfield><subfield code="h">114813</subfield></datafield></record></collection>